<?xml version="1.0" encoding="UTF-8"?><collection xmlns="http://www.loc.gov/MARC21/slim"><record><leader>00523nam--2200193-i-4500</leader><controlfield tag="001">000034538</controlfield><controlfield tag="002">20161230</controlfield><controlfield tag="005">20161230201040</controlfield><controlfield tag="008">060222s1000------------r-----000-0-rum-d</controlfield><datafield ind1=" " ind2=" " tag="040"><subfield code="a">IFIN-HH</subfield></datafield><datafield ind1=" " ind2=" " tag="041"><subfield code="a">rum</subfield></datafield><datafield ind1=" " ind2=" " tag="080"><subfield code="a">538.311:519.3+512.972</subfield></datafield><datafield ind1="1" ind2=" " tag="100"><subfield code="a">Nicolau, Edmond</subfield></datafield><datafield ind1="1" ind2="0" tag="245"><subfield code="a">Metode variationale si tensoriale in electricitate</subfield><subfield code="c">Edmond nicolau</subfield></datafield><datafield ind1=" " ind2=" " tag="260"><subfield code="a">Bucuresti</subfield><subfield code="b">Editura Tehnica</subfield><subfield code="c">1956</subfield></datafield><datafield ind1=" " ind2=" " tag="300"><subfield code="a">148P</subfield></datafield><datafield ind1=" " ind2=" " tag="490"><subfield code="a">Stiinta Si Tehnica</subfield><subfield code="v">Vol. 8</subfield></datafield><datafield ind1=" " ind2=" " tag="852"><subfield code="a">4473</subfield><subfield code="c">H.H</subfield></datafield><datafield ind1=" " ind2=" " tag="CAT"><subfield code="a">Sys</subfield><subfield code="c">20130326</subfield><subfield code="h">174706</subfield></datafield></record></collection>